% This file was created with JabRef 2.9.2.
% Encoding: Cp1252

@BOOK{ESL,
  title = {The Elements of Statistical Learning},
  publisher = {Springer New York Inc.},
  year = {2001},
  author = {Hastie, Trevor and Tibshirani, Robert and Friedman, Jerome},
  series = {Springer Series in Statistics},
  address = {New York, NY, USA},
  keywords = {ml statistics}
}

@BOOK{ISL,
  title = {An Introduction to Statistical Learning: With Applications in R},
  publisher = {Springer Publishing Company, Incorporated},
  year = {2014},
  author = {James, Gareth and Witten, Daniela and Hastie, Trevor and Tibshirani,
	Robert},
  isbn = {1461471370, 9781461471370}
}

@BOOK{UML,
  title = {Understanding Machine Learning: From Theory to Algorithms},
  publisher = {Cambridge University Press},
  year = {2014},
  author = {Shalev-Shwartz, Shai and Ben-David, Shai},
  address = {New York, NY, USA},
  isbn = {1107057132, 9781107057135},
  url = {http://www.cs.huji.ac.il/~shais/UnderstandingMachineLearning/understanding-machine-learning-theory-algorithms.pdf}
}

@MANUAL{hdm,
  title = {{hdm}: High-Dimensional Metrics (Vignette)},
  author = {Victor Chernozhukov, Chris Hansen, Martin Spindler},
  year = {2016},
  owner = {Martin},
  timestamp = {2016.02.16}
}

